
%--------------------------------------DISEÑOS DE BUCK-BOOST---------------------------------------
@inproceedings{espinosa2017asynchronous,
  title={Asynchronous non-inverter buck-boost DC to DC converter for battery charging in a solar MPPT system},
  author={Espinosa, Carlos Lozano},
  booktitle={2017 IEEE URUCON},
  pages={1--4},
  year={2017},
  organization={IEEE}
} %MG1 - Opcion 1 de diseño de conversor 

@INPROCEEDINGS{Kiran,
  author={B. R. {Kiran} and G. A. {Ezhilarasi}},
  booktitle={2015 Annual IEEE India Conference (INDICON)}, 
  title={Design and analysis of soft-switched Buck-Boost Converter for PV applications}, 
  year={2015},
  volume={},
  number={},
  pages={1-5},
  doi={10.1109/INDICON.2015.7443509} }%MG2 - Opcion 2 de diseño de conversor 
 
  @INPROCEEDINGS{9106477,
  author={N. {Rana} and J. {Dey} and S. {Banerjee}},
  booktitle={2020 IEEE Calcutta Conference (CALCON)}, 
  title={An Improved Buck-Boost Converter Suitable for PV Application}, 
  year={2020},
  volume={},
  number={},
  pages={273-277},
  doi={10.1109/CALCON49167.2020.9106477}} %MG3 - Circuito complejo y de alto costo. Está piola pero trato de usar
  %algo sin muchos inductores. Propongo un diseño de un solo inductor. Se podrá? 

@INPROCEEDINGS{923091,
  author={R. S. {Weissbach} and K. M. {Torres}},
  booktitle={Proceedings. IEEE SoutheastCon 2001 (Cat. No.01CH37208)}, 
  title={A noninverting buck-boost converter with reduced components using a microcontroller}, 
  year={2001},
  volume={},
  number={},
  pages={79-84},
  doi={10.1109/SECON.2001.923091}}%OP4 
  
  @ARTICLE{5701795,
  author={C. {Restrepo} and J. {Calvente} and A. {Cid-Pastor} and A. E. {Aroudi} and R. {Giral}},
  journal={IEEE Transactions on Power Electronics}, 
  title={A Noninverting Buck–Boost DC–DC Switching Converter With High Efficiency and Wide Bandwidth}, 
  year={2011},
  volume={26},
  number={9},
  pages={2490-2503},
  doi={10.1109/TPEL.2011.2108668}}%OP5 - Circuito de control 


@INPROCEEDINGS{8643001,
  author={S. N. {Soheli} and G. {Sarowar} and M. A. {Hoque} and M. S. {Hasan}},
  booktitle={2018 International Conference on Advancement in Electrical and Electronic Engineering (ICAEEE)}, 
  title={Design and Analysis of a DC -DC Buck Boost Converter to Achieve High Efficiency and Low Voltage Gain by using Buck Boost Topology into Buck Topology}, 
  year={2018},
  volume={},
  number={},
  pages={1-4},
  doi={10.1109/ICAEEE.2018.8643001}} %No me gustó porque tiene salida negativa. Pero lo dejo para mencionarlo 

@INPROCEEDINGS{Chang,  author={C. {Chang} and C. {Cheng} and E. {Chang} and H. {Cheng}},  booktitle={2015 9th International Conference on Power Electronics and ECCE Asia (ICPE-ECCE Asia)},   title={Design and implementation of a two-switch buck-boost typed inverter with universal and high-efficiency features},   year={2015},  volume={},  number={},  pages={2737-2743},  doi={10.1109/ICPE.2015.7168158}} %OP6 - Usan micro como yo lo plantié. Me baso en su conexión para la implementación del conversor. 

@INPROCEEDINGS{954206,
  author={ {Jingquan Chen} and D. {Maksimovic} and R. {Erickson}},
  booktitle={2001 IEEE 32nd Annual Power Electronics Specialists Conference (IEEE Cat. No.01CH37230)}, 
  title={Buck-boost PWM converters having two independently controlled switches}, 
  year={2001},
  volume={2},
  number={},
  pages={736-741 vol.2},
  doi={10.1109/PESC.2001.954206}} %COmparación de topologias 

@ARTICLE{6119227,
  author={K. I. {Hwu} and T. J. {Peng}},
  journal={IEEE Transactions on Power Electronics}, 
  title={A Novel Buck–Boost Converter Combining KY and Buck Converters}, 
  year={2012},
  volume={27},
  number={5},
  pages={2236-2241},
  doi={10.1109/TPEL.2011.2182208}} %KY and Buck topología- Buena alternativa, pero leí que no era tan eficiente y estable . 

  @article{haifengdesign,
  title={Design tips for an efficient non-inverting buck-boost converter},
  author={Haifeng, Fan},
  journal={Analog Applications Journal}
}

@book{book:1192202,
   title =     {Power electronics : converters, applications, and design},
   author =    {Ned Mohan; Tore M Undeland; William P Robbins},
   publisher = {John Wiley \& Sons},
   isbn =      {0471226939,9780471226932,0471429082,9780471429081},
   year =      {2003},
   series =    {},
   edition =   {},
   volume =    {},
   url =       {http://gen.lib.rus.ec/book/index.php?md5=ffb5fef55f9ecb00b2404f0074753acb}
   }
   
   
   @article{alvarez2019caracterizacion,
  title={Caracterizaci{\'o}n de m{\'o}dulos fotovoltaicos basado en un convertidor sepic},
  author={Alvarez, M and Maldonado, M and Lovera, S and Magnano, S},
  journal={Avances en Energ{\'\i}as Renovables y Medio Ambiente-AVERMA},
  volume={23},
  pages={1--11},
  year={2019}
}
@article{atia2009photovoltaic,
  title={Photovoltaic Maximum Power Point Tracking Using SEPIC Converter},
  author={Atia, Yousry},
  journal={ERJ. Engineering Research Journal},
  volume={32},
  number={4},
  pages={437--445},
  year={2009},
  publisher={Menoufia University, Faculty of Engineering}
}

@article{falin2008designing,
  title={Designing DC/DC converters based on SEPIC topology},
  author={Falin, Jeff},
  journal={Analog Applications Journal},
  year={2008}
}

@article{PV_datasheet,
  title={Solar Module SM50-H Datasheet},
  author={Siemens},
  journal={Siemens Solar GmbH},
  year={2020}
}

@inproceedings{kaouane2015design,
  title={Design of a synchronous sepic DC-DC converter for a stand-alone photovoltaic system},
  author={Kaouane, M and Boukhelifa, A and Ch{\'e}riti, Ahmed},
  booktitle={2015 IEEE 28th Canadian Conference on Electrical and Computer Engineering (CCECE)},
  pages={870--874},
  year={2015},
  organization={IEEE}
}


%------------------------------------------MPPT-------------------------------------------------------

@article{gallardo2014diseno,
  title={Dise{\~n}o de un cargador de bater{\'\i}as en aplicaciones de energ{\'\i}a solar},
  author={Gallardo, Rafael and Placencia, Sebasti{\'a}n and Gonz{\'a}lez, Luis G},
  journal={Maskana},
  volume={5},
  pages={89--98},
  year={2014}
} %Que tipo de pruebas se le hace al regulador + INTRO 


@mastersthesis{rios2017sistema,
  title={Sistema de conversi{\'o}n Sepic para emulador de panel solar fotovolt{\'a}ico con algoritmo MPPT},
  author={R{\'\i}os Rengifo, Horacio Alexander and S{\'a}nchez C{\'o}rdoba, Juan Sebasti{\'a}n and others},
  type={{B.S.} thesis},
  year={2017},
  school={Universidad Aut{\'o}noma de Occidente}
}









